<?xml version="1.0" encoding="UTF-8"?><collection xmlns="http://www.loc.gov/MARC21/slim"><record><leader>00422nam--2200145-i-4500</leader><controlfield tag="001">000033005</controlfield><controlfield tag="002">20161230</controlfield><controlfield tag="005">20170106175247</controlfield><controlfield tag="008">060222s1000------------r-----000-0-eng-d</controlfield><datafield ind1=" " ind2=" " tag="100"><subfield code="a">Medveczky, L©Łszl©đ</subfield></datafield><datafield ind1=" " ind2=" " tag="245"><subfield code="a">Po-Be neutronforr©Łs energiaspektrum©Łnak vizsg©Łlata fotoemulzi©đs m©đdszerrel</subfield></datafield><datafield ind1=" " ind2=" " tag="260"><subfield code="a">Budapest</subfield><subfield code="b">Magyar Tudom©Łnyos Akad©♭mia</subfield><subfield code="c">1955</subfield></datafield><datafield ind1=" " ind2=" " tag="300"><subfield code="a">10 p</subfield></datafield><datafield ind1=" " ind2=" " tag="852"><subfield code="a">6271</subfield></datafield><datafield ind1=" " ind2=" " tag="CAT"><subfield code="a">SYS</subfield><subfield code="c">20170106</subfield><subfield code="h">175247</subfield></datafield></record></collection>